@article{baseski,
    author =       "Emre Baseski and Caglar Senaras",
    title =        "Texture and Color Based Cloud Detection",
    journal =      "Annalen der Physik",
    volume =       "322",
    number =       "10",
    pages =        "891--921",
    year =         "2015",
    DOI =          "http://dx.doi.org/10.1002/andp.19053221004"
}
 
@book{Digimproc,
    author    = "Rafael C. Gonzales and Richard E. Woods",
    title     = "Digital Image Processing",
    year      = "2008",
    publisher = "Pearson Education, Inc",
    address   = "Upper Saddle River, New Jersey"
}
 
@misc{knuthwebsite,
    author    = "Donald Knuth",
    title     = "Knuth: Computers and Typesetting",
    url       = "http://www-cs-faculty.stanford.edu/\~{}uno/abcde.html"
}